
@article{yang_accelerated_2007,
	title = {Accelerated Imaginary-time Evolution Methods for the Computation of Solitary Waves},
	url = {http://arxiv.org/abs/0711.3434},
	abstract = {Two accelerated imaginary-time evolution methods are proposed for the computation of solitary waves in arbitrary spatial dimensions. For the first method (with traditional power normalization), the convergence conditions as well as conditions for optimal accelerations are derived. In addition, it is shown that for nodeless solitary waves, this method converges if and only if the solitary wave is linearly stable. The second method is similar to the first method except that it uses a novel amplitude normalization. The performance of these methods is illustrated on various examples. It is found that while the first method is competitive with the Petviashvili method, the second method delivers much better performance than the first method and the Petviashvili method.},
	journaltitle = {{arXiv}:0711.3434 [nlin]},
	author = {Yang, Jianke and Lakoba, Taras I.},
	urldate = {2016-04-11},
	date = {2007-11-21},
	eprinttype = {arxiv},
	eprint = {0711.3434},
	keywords = {Nonlinear Sciences - Pattern Formation and Solitons},
	annotation = {Comment: To appear in Stud. Appl. Math. (28 pages, 6 figures)},
	file = {arXiv\:0711.3434 PDF:/home/Yun-Hsuan/.mozilla/firefox/q2qq3bct.default/zotero/storage/HCXCR5G4/Yang and Lakoba - 2007 - Accelerated Imaginary-time Evolution Methods for t.pdf:application/pdf;arXiv.org Snapshot:/home/Yun-Hsuan/.mozilla/firefox/q2qq3bct.default/zotero/storage/MKHP45QB/0711.html:text/html}
}

@article{jiang_accurate_2008,
	title = {Accurate Determination of Tensor Network State of Quantum Lattice Models in Two Dimensions},
	volume = {101},
	issn = {0031-9007, 1079-7114},
	url = {http://link.aps.org/doi/10.1103/PhysRevLett.101.090603},
	doi = {10.1103/PhysRevLett.101.090603},
	number = {9},
	journaltitle = {Physical Review Letters},
	author = {Jiang, H. C. and Weng, Z. Y. and Xiang, T.},
	urldate = {2016-04-11},
	date = {2008-08-29},
	langid = {english},
	file = {PhysRevLett.101.090603.pdf:/home/Yun-Hsuan/.mozilla/firefox/q2qq3bct.default/zotero/storage/RCUHMEUG/PhysRevLett.101.090603.pdf:application/pdf}
}

@article{orus_practical_2014,
	title = {A practical introduction to tensor networks: Matrix product states and projected entangled pair states},
	volume = {349},
	issn = {00034916},
	url = {http://linkinghub.elsevier.com/retrieve/pii/S0003491614001596},
	doi = {10.1016/j.aop.2014.06.013},
	shorttitle = {A practical introduction to tensor networks},
	pages = {117--158},
	journaltitle = {Annals of Physics},
	author = {Orús, Román},
	urldate = {2016-04-11},
	date = {2014-10},
	langid = {english},
	file = {1-s2.0-S0003491614001596-main.pdf:/home/Yun-Hsuan/.mozilla/firefox/q2qq3bct.default/zotero/storage/736SK75P/1-s2.0-S0003491614001596-main.pdf:application/pdf}
}

@article{vidal_classical_2007,
	title = {Classical Simulation of Infinite-Size Quantum Lattice Systems in One Spatial Dimension},
	volume = {98},
	issn = {0031-9007, 1079-7114},
	url = {http://link.aps.org/doi/10.1103/PhysRevLett.98.070201},
	doi = {10.1103/PhysRevLett.98.070201},
	number = {7},
	journaltitle = {Physical Review Letters},
	author = {Vidal, G.},
	urldate = {2016-04-11},
	date = {2007-02-12},
	langid = {english},
	file = {PhysRevLett.98.070201.pdf:/home/Yun-Hsuan/.mozilla/firefox/q2qq3bct.default/zotero/storage/Q3382MKJ/PhysRevLett.98.070201.pdf:application/pdf}
}

@article{schuch_classifying_2011,
	title = {Classifying quantum phases using matrix product states and projected entangled pair states},
	volume = {84},
	issn = {1098-0121, 1550-235X},
	url = {http://link.aps.org/doi/10.1103/PhysRevB.84.165139},
	doi = {10.1103/PhysRevB.84.165139},
	number = {16},
	journaltitle = {Physical Review B},
	author = {Schuch, Norbert and Pérez-García, David and Cirac, Ignacio},
	urldate = {2016-04-11},
	date = {2011-10-31},
	langid = {english},
	file = {PhysRevB.84.165139.pdf:/home/Yun-Hsuan/.mozilla/firefox/q2qq3bct.default/zotero/storage/NTK9BE65/PhysRevB.84.165139.pdf:application/pdf}
}

@article{vidal_efficient_2003,
	title = {Efficient Classical Simulation of Slightly Entangled Quantum Computations},
	volume = {91},
	issn = {0031-9007, 1079-7114},
	url = {http://link.aps.org/doi/10.1103/PhysRevLett.91.147902},
	doi = {10.1103/PhysRevLett.91.147902},
	number = {14},
	journaltitle = {Physical Review Letters},
	author = {Vidal, Guifré},
	urldate = {2016-04-11},
	date = {2003-10-01},
	langid = {english},
	file = {PhysRevLett.91.147902.pdf:/home/Yun-Hsuan/.mozilla/firefox/q2qq3bct.default/zotero/storage/2HH9C3JV/PhysRevLett.91.147902.pdf:application/pdf}
}

@article{li_efficient_2012,
	title = {Efficient simulation of infinite tree tensor network states on the Bethe lattice},
	volume = {86},
	issn = {1098-0121, 1550-235X},
	url = {http://link.aps.org/doi/10.1103/PhysRevB.86.195137},
	doi = {10.1103/PhysRevB.86.195137},
	number = {19},
	journaltitle = {Physical Review B},
	author = {Li, Wei and von Delft, Jan and Xiang, Tao},
	urldate = {2016-04-11},
	date = {2012-11-26},
	langid = {english},
	file = {PhysRevB.86.195137.pdf:/home/Yun-Hsuan/.mozilla/firefox/q2qq3bct.default/zotero/storage/W3BRHQ6C/PhysRevB.86.195137.pdf:application/pdf}
}

@article{vidal_efficient_2004,
	title = {Efficient Simulation of One-Dimensional Quantum Many-Body Systems},
	volume = {93},
	issn = {0031-9007, 1079-7114},
	url = {http://link.aps.org/doi/10.1103/PhysRevLett.93.040502},
	doi = {10.1103/PhysRevLett.93.040502},
	number = {4},
	journaltitle = {Physical Review Letters},
	author = {Vidal, Guifré},
	urldate = {2016-04-11},
	date = {2004-07-19},
	langid = {english},
	file = {PhysRevLett.93.040502.pdf:/home/Yun-Hsuan/.mozilla/firefox/q2qq3bct.default/zotero/storage/KUBIRIWH/PhysRevLett.93.040502.pdf:application/pdf}
}

@article{orus_infinite_2008,
	title = {Infinite time-evolving block decimation algorithm beyond unitary evolution},
	volume = {78},
	issn = {1098-0121, 1550-235X},
	url = {http://link.aps.org/doi/10.1103/PhysRevB.78.155117},
	doi = {10.1103/PhysRevB.78.155117},
	number = {15},
	journaltitle = {Physical Review B},
	author = {Orús, R. and Vidal, G.},
	urldate = {2016-04-11},
	date = {2008-10-14},
	langid = {english},
	file = {PhysRevB.78.155117.pdf:/home/Yun-Hsuan/.mozilla/firefox/q2qq3bct.default/zotero/storage/2Z2ARGBC/PhysRevB.78.155117.pdf:application/pdf}
}

@article{hastings_light-cone_2009,
	title = {Light-cone matrix product},
	volume = {50},
	issn = {00222488},
	url = {http://scitation.aip.org/content/aip/journal/jmp/50/9/10.1063/1.3149556},
	doi = {10.1063/1.3149556},
	pages = {095207},
	number = {9},
	journaltitle = {Journal of Mathematical Physics},
	author = {Hastings, M. B.},
	urldate = {2016-04-11},
	date = {2009},
	langid = {english},
	file = {1.3149556.pdf:/home/Yun-Hsuan/.mozilla/firefox/q2qq3bct.default/zotero/storage/K2MI47B4/1.3149556.pdf:application/pdf}
}

@article{verstraete_matrix_2006,
	title = {Matrix product states represent ground states faithfully},
	volume = {73},
	issn = {1098-0121, 1550-235X},
	url = {http://link.aps.org/doi/10.1103/PhysRevB.73.094423},
	doi = {10.1103/PhysRevB.73.094423},
	number = {9},
	journaltitle = {Physical Review B},
	author = {Verstraete, F. and Cirac, J. I.},
	urldate = {2016-04-11},
	date = {2006-03-20},
	langid = {english},
	file = {PhysRevB.73.094423.pdf:/home/Yun-Hsuan/.mozilla/firefox/q2qq3bct.default/zotero/storage/RSPKBEME/PhysRevB.73.094423.pdf:application/pdf}
}

@article{nagy_simulating_2012,
	title = {Simulating quantum systems on the Bethe lattice by translationally invariant infinite-tree tensor network},
	volume = {327},
	issn = {00034916},
	url = {http://linkinghub.elsevier.com/retrieve/pii/S0003491611001850},
	doi = {10.1016/j.aop.2011.11.012},
	pages = {542--552},
	number = {2},
	journaltitle = {Annals of Physics},
	author = {Nagy, Ádám},
	urldate = {2016-04-11},
	date = {2012-02},
	langid = {english},
	file = {1-s2.0-S0003491611001850-main.pdf:/home/Yun-Hsuan/.mozilla/firefox/q2qq3bct.default/zotero/storage/BJBHA5U4/1-s2.0-S0003491611001850-main.pdf:application/pdf}
}

@thesis{jordan_studies_2011,
	title = {Studies of Infinite Two-Dimensional Quantum Lattice Systems with Projected Entangled Pair States},
	url = {http://www.romanorus.com/JordanThesis.pdf},
	author = {Jordan, Jacob},
	urldate = {2016-04-11},
	date = {2011},
	file = {s33629940_phd_submission.pdf:/home/Yun-Hsuan/.mozilla/firefox/q2qq3bct.default/zotero/storage/CXGKR98F/s33629940_phd_submission.pdf:application/pdf}
}

@thesis{bauer_tensor_2011,
	title = {Tensor network states},
	url = {http://stationq.ucsb.edu/~bela/thesis-online.pdf},
	institution = {{ETH} {ZURICH}},
	type = {phdthesis},
	author = {Bauer, Roman Bela},
	urldate = {2016-04-11},
	date = {2011},
	file = {thesis-online.pdf:/home/Yun-Hsuan/.mozilla/firefox/q2qq3bct.default/zotero/storage/MVK6VNAH/thesis-online.pdf:application/pdf}
}

@article{schollwock_density-matrix_2011,
	title = {The density-matrix renormalization group in the age of matrix product states},
	volume = {326},
	url = {http://www.sciencedirect.com/science/article/pii/S0003491610001752},
	pages = {96--192},
	number = {1},
	journaltitle = {Annals of Physics},
	author = {Schollwöck, Ulrich},
	urldate = {2016-04-11},
	date = {2011},
	file = {1306.2164v3.pdf:/home/Yun-Hsuan/.mozilla/firefox/q2qq3bct.default/zotero/storage/WDQHPZI4/1306.2164v3.pdf:application/pdf}
}

@article{ostlund_thermodynamic_1995,
	title = {Thermodynamic limit of density matrix renormalization},
	volume = {75},
	url = {http://journals.aps.org/prl/abstract/10.1103/PhysRevLett.75.3537},
	pages = {3537},
	number = {19},
	journaltitle = {Physical review letters},
	author = {Östlund, Stellan and Rommer, Stefan},
	urldate = {2016-04-11},
	date = {1995},
	file = {PhysRevLett.75.3537.pdf:/home/Yun-Hsuan/.mozilla/firefox/q2qq3bct.default/zotero/storage/MR6GZTJH/PhysRevLett.75.3537.pdf:application/pdf}
}

@article{murg_variational_2007,
	title = {Variational study of hard-core bosons in a two-dimensional optical lattice using projected entangled pair states},
	volume = {75},
	issn = {1050-2947, 1094-1622},
	url = {http://link.aps.org/doi/10.1103/PhysRevA.75.033605},
	doi = {10.1103/PhysRevA.75.033605},
	number = {3},
	journaltitle = {Physical Review A},
	author = {Murg, V. and Verstraete, F. and Cirac, J. I.},
	urldate = {2016-04-11},
	date = {2007-03-13},
	langid = {english},
	file = {PhysRevA.75.033605.pdf:/home/Yun-Hsuan/.mozilla/firefox/q2qq3bct.default/zotero/storage/MDKNJZHG/PhysRevA.75.033605.pdf:application/pdf}
}
